@book{asv-bdg-19,
  author    = {David Allessie and Maciej Sobolewski and Lorenzo Vaccari},
  title     = {{Blockchain for Digital Government}},
  year      = {2019},
  isbn      = {978-92-76-00582-7},
  publisher = {Pignatelli, F. editor(s), EUR 29677 EN, Publications Office of the European Union},
  address   = {Luxembourg},
  doi       = {10.2760/942739},
  note      = "[\url{https://doi.org/10.2760/942739}]",
  ee        = {https://doi.org/10.2760/942739}
}

@misc{inquirer-github-21,
  author    = {Simon Boudrias},
  title     = {{GitHub - SBoudrias/Inquirer.js}},
  year      = {Accessed: August, 2021},
  note      = "[\url{https://github.com/SBoudrias/Inquirer.js/}]",
  ee        = {https://github.com/SBoudrias/Inquirer.js/}
}

@misc{web3js-github-21,
  author    = {{ChainSafe Systems}},
  title     = {{GitHub - ChainSafe/web3.js: Ethereum JavaScript API}},
  year      = {Accessed: August, 2021},
  note      = "[\url{https://github.com/ChainSafe/web3.js}]",
  ee        = {https://github.com/ChainSafe/web3.js}
}

@misc{simple-git-github-21,
  author    = {{Steve King}},
  title     = {{GitHub - steveukx / git-js : Simple Git}},
  year      = {Accessed: August, 2021},
  note      = "[\url{https://github.com/steveukx/git-js}]",
  ee        = {https://github.com/steveukx/git-js}
}

@misc{adm-zip-github-21,
  author    = {{The Brain}},
  title     = {{GitHub - cthackers / adm-zip : ADM-ZIP for NodeJS}},
  year      = {Accessed: August, 2021},
  note      = "[\url{https://github.com/cthackers/adm-zip}]",
  ee        = {https://github.com/cthackers/adm-zip}
}

@misc{chalk-github-21,
  author    = {{Chalk}},
  title     = {{GitHub - chalk / chalk : Chalk}},
  year      = {Accessed: August, 2021},
  note      = "[\url{https://github.com/chalk/chalk}]",
  ee        = {https://github.com/chalk/chalk}
}

@misc{merkle-tools-github-21,
  author    = {{Tierion}},
  title     = {{GitHub - Tierion / merkle-tools : merkle-tools}},
  year      = {Accessed: August, 2021},
  note      = "[\url{https://github.com/Tierion/merkle-tools}]",
  ee        = {https://github.com/Tierion/merkle-tools}
}

@misc{web3js-doc-21,
  author    = {{ChainSafe Systems}},
  title     = {{web3.js - Ethereum JavaScript API}},
  year      = {Accessed: August, 2021},
  note      = "[\url{https://web3js.readthedocs.io/en/v1.4.0/}]",
  ee        = {https://web3js.readthedocs.io/en/v1.4.0/}
}

@misc{ethorg-wp-21,
  author    = {Ethereum.org},
  title     = {{Ethereum Whitepaper}},
  year      = {Accessed: August, 2021},
  note      = "[\url{https://ethereum.org/en/whitepaper/}]",
  ee        = {https://ethereum.org/en/whitepaper/}
}

@book{vcs1,
  author    = {Bryan O'Sullivan},
  title     = {{Mercurial: the Definitive Guide}},
  year      = {2009},
  isbn      = {9780596555474},
  publisher = {O'Reilly Media, Inc},
  note      = "[\url{http://hgbook.red-bean.com/read/}]",
  ee        = {http://hgbook.red-bean.com/read/}
}

@misc{vcs2,
  author    = {BetterExplained},
  title     = {{Intro to Distributed Version Control}},
  year      = {Accessed: August, 2021},
  note      = "[\url{https://betterexplained.com/articles/intro-to-distributed-version-control-illustrated/}]",
  ee        = {https://betterexplained.com/articles/intro-to-distributed-version-control-illustrated/}
}

@misc{git-21,
  author    = {Git-scm.com},
  title     = {{Git}},
  year      = {Accessed: August, 2021},
  note      = "[\url{https://git-scm.com/}]",
  ee        = {https://git-scm.com/}
}

@misc{git-github-21,
  author    = {Git-scm.com},
  title     = {{GitHub - git/git: Git Source Code Mirror}},
  year      = {Accessed: August, 2021},
  note      = "[\url{https://github.com/git/git}]",
  ee        = {https://github.com/git/git}
}

@misc{hash,
  author    = {Haseeb Qureshi},
  title     = {{Hash functions}},
  year      = {2019},
  note      = "[\url{https://nakamoto.com/hash-functions/}]",
  ee        = {https://nakamoto.com/hash-functions/}
}

@misc{block1,
  author    = {{101 Blockchains}},
  title     = {{Blockchain Definition: Everything You Need To Know}},
  year      = {Accessed: August, 2021},
  note      = "[\url{https://101blockchains.com/blockchain-definition/}]",
  ee        = {https://101blockchains.com/blockchain-definition/}
}

@book{block2,
  author    = {D. Puthal and N. Malik and S. P. Mohanty and E. Kougianos and G. Das},
  title     = {{Everything you Wanted to Know about the Blockchain}},
  year      = {July 2018},
  publisher = {IEEE Consumer Electronics Magazine, Volume 7},
  note      = "[\url{https://bit.ly/2WsHVCb}]",
  ee        = {https://bit.ly/2WsHVCb}
}

@misc{block3,
  author    = {{The Economist}},
  title     = {{Blockchain - The great chain of being sure about things}},
  year      = {31 October, 2015},
  note      = "[\url{https://bit.ly/3BfpAqP}]",
  ee        = {https://bit.ly/3BfpAqP}
}

@misc{eth-21,
  author    = {Ethereum.org},
  title     = {{Ethereum.org}},
  year      = {Accessed: August, 2021},
  note      = "[\url{https://ethereum.org}]",
  ee        = {https://ethereum.org}
}

@misc{eth-22,
  author    = {Ethereum.org},
  title     = {{Ethereum Documentation}},
  year      = {Accessed: August, 2021},
  note      = "[\url{https://ethereum.org/en/developers/docs/}]",
  ee        = {https://ethereum.org}
}

@misc{njs-1,
  author    = {{OpenJS Foundation}},
  title     = {{Nodejs.org}},
  year      = {Accessed: August, 2021},
  note      = "[\url{https://nodejs.org/}]",
  ee        = {https://nodejs.org/}
}

@misc{njs-2,
  author    = {{OpenJS Foundation}},
  title     = {{Node.js Documentation}},
  year      = {Accessed: August, 2021},
  note      = "[\url{https://nodejs.dev/learn}]",
  ee        = {https://nodejs.dev/learn}
}

@misc{njs-3,
  author    = {Lauren Orsini},
  title     = {{What You Need To Know About Node.js}},
  year      = {31 October, 2015},
  note      = "[\url{https://readwrite.com/2013/11/07/what-you-need-to-know-about-nodejs/}]",
  ee        = {https://readwrite.com/2013/11/07/what-you-need-to-know-about-nodejs/}
}

@misc{mertree,
  author    = {Haseeb Qureshi},
  title     = {{Merkle Trees}},
  year      = {2019},
  note      = "[\url{https://nakamoto.com/merkle-trees/}]",
  ee        = {https://nakamoto.com/merkle-trees/}
}

@misc{json,
  author    = {JSON.org},
  title     = {{JSON.org}},
  year      = {Accessed: August, 2021},
  note      = "[\url{https://www.json.org/json-it.html}]",
  ee        = {https://www.json.org/json-it.html}
}

@misc{pinesu-github-21,
  author    = {Paolo Speziali},
  title     = {{GitHub - plspeziali/PineSU : PineSU}},
  year      = {Accessed: August, 2021},
  note      = "[\url{https://github.com/plspeziali/PineSU}]",
  ee        = {https://github.com/plspeziali/PineSU}
}

